@Article{Acosta:1999ws,
     author    = "Acosta, D. E. and Blessing, Susan K.",
     title     = "{Leptoquark searches at HERA and the Tevatron}",
     journal   = "Ann. Rev. Nucl. Part. Sci.",
     volume    = "49",
     year      = "1999",
     pages     = "389-434",
     doi       = "10.1146/annurev.nucl.49.1.389",
     SLACcitation  = "%%CITATION = ARNUA,49,389;%%"
}
@Article{Davidson:1993qk,
     author    = "Davidson, Sacha and Bailey, David C. and Campbell, Bruce A.
                  ",
     title     = "{Model independent constraints on leptoquarks from rare
                  processes}",
     journal   = "Z. Phys.",
     volume    = "C61",
     year      = "1994",
     pages     = "613-644",
     eprint    = "hep-ph/9309310",
     archivePrefix = "arXiv",
     doi       = "10.1007/BF01552629",
     SLACcitation  = "%%CITATION = HEP-PH/9309310;%%"
}
@Article{Aktas:2005pr,
     author    = "Aktas, A. and others",
 collaboration = "H1",
     title     = "{Search for leptoquark bosons in e p collisions at HERA}",
     journal   = "Phys. Lett.",
     volume    = "B629",
     year      = "2005",
     pages     = "9-19",
     eprint    = "hep-ex/0506044",
     archivePrefix = "arXiv",
     doi       = "10.1016/j.physletb.2005.09.048",
     SLACcitation  = "%%CITATION = HEP-EX/0506044;%%"
}
@Article{Abazov:2004mk,
     author    = "Abazov, V. M. and others",
 collaboration = "D0",
     title     = "{Search for first-generation scalar leptoquarks in $p                             
                  \bar{p}$ collisions at $\sqrt{s}$ = 1.96-TeV}",
     journal   = "Phys. Rev.",
     volume    = "D71",
     year      = "2005",
     pages     = "071104",
     eprint    = "hep-ex/0412029",
     archivePrefix = "arXiv",
     doi       = "10.1103/PhysRevD.71.071104",
     SLACcitation  = "%%CITATION = HEP-EX/0412029;%%"                                               
}
@Article{d02008,
     author    = "",
     collaboration = "D\O",
     title     = "{Search for First-Generation Leptoquarks in the dielectron channel with the D\O\ Detector in $p\bar{p}$ Collisions at $\sqrt{s}=1.96$ TeV}",
     journal   = "D\O\ Note",
     volume    = "5644-CONF",
     year      = "2008",
     pages     = "",
     eprint    = "",
     archivePrefix = "",
     SLACcitation  = ""
}
@Article{Acosta:2005ge,
     author    = "Acosta, Darin E. and others",
 collaboration = "CDF",
     title     = "{Search for first-generation scalar leptoquarks in
                  $p\bar{p}$ collisions  at $\sqrt{s} = 1.96$ TeV}",
     journal   = "Phys. Rev.",
     volume    = "D72",
     year      = "2005",
     pages     = "051107",
     eprint    = "hep-ex/0506074",
     archivePrefix = "arXiv",
     doi       = "10.1103/PhysRevD.72.051107",
     SLACcitation  = "%%CITATION = HEP-EX/0506074;%%"
}
@Article{Belyaev:2005ew,
     author    = "Belyaev, Alexander and Leroy, Claude and Mehdiyev, Rashid
                  and Pukhov, Alexander",
     title     = "{Leptoquark single and pair production at LHC with
                  CalcHEP/CompHEP in the complete model}",
     journal   = "JHEP",
     volume    = "09",
     year      = "2005",
     pages     = "005",
     eprint    = "hep-ph/0502067",
     archivePrefix = "arXiv",
     SLACcitation  = "%%CITATION = HEP-PH/0502067;%%"
}
@Article{Alwall:2007st,
     author    = "Alwall, Johan and others",
     title     = "{MadGraph/MadEvent v4: The New Web Generation}",
     journal   = "JHEP",
     volume    = "09",
     year      = "2007",
     pages     = "028",
     eprint    = "0706.2334",
     archivePrefix = "arXiv",
     primaryClass  =  "hep-ph",
     SLACcitation  = "%%CITATION = 0706.2334;%%"
}
@Article{PhysRevD.71.057503,
  title = "{Pair production of scalar leptoquarks at the CERN LHC}",
  author = "{Kr\"amer, M.  and Plehn, T.  and Spira, M.  and Zerwas, P. M.}",
  journal = "{Phys. Rev. D}",
  volume = "71",
  number = "5",
  pages = "057503",
  numpages = "4",
  year = "2005",
  month = "Mar",
  doi = "10.1103/PhysRevD.71.057503",
  publisher = "{American Physical Society}"
}
@Article{Cacciari:2008zb,
     author    = "Cacciari, Matteo and Frixione, Stefano and Mangano,
                  Michelangelo L. and Nason, Paolo and Ridolfi, Giovanni",
     title     = "{Updated predictions for the total production cross
                  sections of top and of heavier quark pairs at the Tevatron
                  and at the LHC}",
     journal   = "JHEP",
     volume    = "09",
     year      = "2008",
     pages     = "127",
     eprint    = "0804.2800",
     archivePrefix = "arXiv",
     primaryClass  =  "hep-ph",
     doi       = "10.1088/1126-6708/2008/09/127",
     SLACcitation  = "%%CITATION = 0804.2800;%%"
}
@Article{Frixione:2004us,
     author    = "Frixione, S. and Mangano, M. L.",
     title     = "{How accurately can we measure the $W$ cross section?}",
     journal   = "JHEP",
     volume    = "05",
     year      = "2004",
     pages     = "056",
     eprint    = "hep-ph/0405130",
     archivePrefix = "arXiv",
     SLACcitation  = "%%CITATION = HEP-PH/0405130;%%"
}
@Article{CMSHLT,
     author    = "Acosta, D. and others",
     collaboration    = "",
     title     = "{CMS High Level Trigger}",
     journal   = "CMS AN",
     volume    = "2007/009",
     year      = "2007",
     pages     = "",
     eprint    = "",
     archivePrefix = "",
     SLACcitation  = ""
}
@techreport{Baffioni:934070,
      author       = "Baffioni, S and Charlot, C and Ferri, F and Futyan, D and
                      Meridiani, P and Puljak, I and Rovelli, C and Salerno, R and
                      Sirois, Y",
      collaboration = "CMS",
      title        = "Electron reconstruction in CMS",
      institution  = "CERN",
      address      = "Geneva",
      number       = "CMS-NOTE-2006-040. CERN-CMS-NOTE-2006-040",
      month        = "Feb",
      year         = "2006",
}
@Article{HEEPNOTE,
     author    = "",
     collaboration = "CMS",
     title     = "{Search for high mass resonance production decaying into an electron pair in the CMS experiment}",
     journal   = "CMS PAS",
     volume    = "EXO-08-001",
     year      = "2009",
     pages     = "",
     eprint    = "",
     archivePrefix = "",
     SLACcitation  = ""
}
@Article{EleID,
     author    = "Newbold, D. and others",
     collaboration    = "",
     title     = "{Electron ID at High Energies}",
     journal   = "CMS AN",
     volume    = "2008/045",
     year      = "2008",
     pages     = "",
     eprint    = "",
     archivePrefix = "",
     SLACcitation  = ""
}
@Article{TagAndProbe,
     author    = "",
     collaboration    = "CMS",
     title     = "{Measuring Electron Efficiencies at CMS with Early Data}",
     journal   = "CMS PAS",
     volume    = "EGM-07-001",
     year      = "2008",
     pages     = "",
     eprint    = "",
     archivePrefix = "",
     SLACcitation  = ""
}
@Article{JetAlg,
     author    = "Schieferdecker, P. and others",
     collaboration    = "",
     title     = "{Performance of Jet Algorithms in CMS}",
     journal   = "CMS AN",
     volume    = "2008/001",
     year      = "2008",
     pages     = "",
     eprint    = "",
     archivePrefix = "",
     SLACcitation  = ""
}
@Article{Abazov:2001mx,
     author    = "Abazov, V. M. and others",
 collaboration = "D0",
     title     = "{Search for first-generation scalar and vector
                  leptoquarks}",
     journal   = "Phys. Rev.",
     volume    = "D64",
     year      = "2001",
     pages     = "092004",
     eprint    = "hep-ex/0105072",
     archivePrefix = "arXiv",
     doi       = "10.1103/PhysRevD.64.092004",
     SLACcitation  = "%%CITATION = HEP-EX/0105072;%%"
}
@Article{JES,
     author    = "Harris, R. and Kousouris, K.",
     collaboration    = "",
     title     = "{MC Truth L2 \& L3 Factorized Jet Corrections at CMS}",
     journal   = "CMS AN",
     volume    = "2008/003",
     year      = "2008",
     pages     = "",
     eprint    = "",
     archivePrefix = "",
     SLACcitation  = ""
}
@Article{Ball:2007zza,
     author    = "Bayatian, G. L. and others",
 collaboration = "CMS",
     title     = "{CMS technical design report, volume II: Physics
                  performance, Appendix B.2: Experimental uncertainties}",
     journal   = "J. Phys.",
     volume    = "G34",
     year      = "2007",
     pages     = "995-1579",
     doi       = "10.1088/0954-3899/34/6/S01",
     SLACcitation  = "%%CITATION = JPHGB,G34,995;%%"
}
@Article{PDFRescaling,
     author    = "Biallass, P. and others",
     collaboration    = "",
     title     = "{Parton Distribution Uncertainty Determination within CMSSW}",
     journal   = "CMS AN",
     volume    = "2009/048",
     year      = "2009",
     pages     = "",
     eprint    = "",
     archivePrefix = "",
     SLACcitation  = ""
}
@Article{Martin:2003sk,
     author    = "Martin, A. D. and Roberts, R. G. and Stirling, W. J. and
                  Thorne, R. S.",
     title     = "{Uncertainties of predictions from parton distributions. I:
                  Theoretical errors}",
     journal   = "Eur. Phys. J.",
     volume    = "C35",
     year      = "2004",
     pages     = "325-348",
     eprint    = "hep-ph/0308087",
     archivePrefix = "arXiv",
     SLACcitation  = "%%CITATION = HEP-PH/0308087;%%"
}
@Article{Bityukov:2005hg,
     author    = "Bityukov, S. I. and Erofeeva, S. E. and Krasnikov, N. V.
                  and Nikitenko, A. N.",
     title     = "{Program for evaluation of significance, confidence
                  intervals and limits by direct calculation of
                  probabilities}",
     note      = "Prepared for PHYSTATO5: Statistical Problems in Particle
                  Physics, Astrophysics and Cosmology, Oxford, England,
                  United Kingdom, 12-15 Sep 2005"
}
@Article{Amsler:2008zzb,
     author    = "Amsler, C. and others",
 collaboration = "Particle Data Group",
     title     = "{Review of particle physics, Section 32.3.1: The Bayesian approach}",
     journal   = "Phys. Lett.",
     volume    = "B667",
     year      = "2008",
     pages     = "1",
     doi       = "10.1016/j.physletb.2008.07.018",
     SLACcitation  = "%%CITATION = PHLTA,B667,1;%%"
}
